@book{boyd2004convex,
  title={Convex optimization},
  author={Boyd, Stephen and Vandenberghe, Lieven},
  year={2004},
  publisher={Cambridge university press}
}

@article{bubeck2015convex,
  title={Convex optimization: Algorithms and complexity},
  author={Bubeck, S{\'e}bastien and others},
  journal={Foundations and Trends in Machine Learning},
  volume={8},
  number={3-4},
  pages={231--357},
  year={2015},
  publisher={Now Publishers, Inc.}
}

@book{Shalev-Shwartz:2014:UML:2621980,
 author = {Shalev-Shwartz, Shai and Ben-David, Shai},
 title = {Understanding Machine Learning: From Theory to Algorithms},
 year = {2014},
 publisher = {Cambridge University Press},
 address = {New York, NY, USA},
} 


@online{Gower,
  author = {Gower, Robert M. and Bach, Francis and Hendrikx, Hadrien},
  title = {{Exercise List: Strong convexity and smoothness}},
  year = 2019,
  url = {gowerrobert.github.io/pdf/AMMI/TD1.pdf},
  urldate = {2021-01-24}
}
