@article{boucheron2005theory,
  title={Theory of classification: A survey of some recent advances},
  author={Boucheron, St{\'e}phane and Bousquet, Olivier and Lugosi, G{\'a}bor},
  journal={ESAIM: probability and statistics},
  volume={9},
  pages={323--375},
  year={2005},
  publisher={Cambridge Univ Press}
}

@article{bartlett2005local,
  title={Local rademacher complexities},
  author={Bartlett, Peter L and Bousquet, Olivier and Mendelson, Shahar},
  journal={Annals of Statistics},
  pages={1497--1537},
  year={2005},
  publisher={JSTOR}
}

@book{bubeck,
	author={Bubeck, Sebastian},
    howpublished="\url{https://arxiv.org/pdf/1405.4980.pdf}",
    publisher={Foundations and Trends in Machine Learning},
	title={Convex Optimization: Algorithms and Complexity},
    year={2014},
}

@article{nesterov,
  author    = {Y. Nesterov},
  title     = {A method of solving a convex programming problem with convergence rate O(1/k2)},
  journal   = {Soviet Mathematics},
  volume    = {27 no 2},
  year      = {1983},
  pages     = {372--376}
}

@article{polyak,
  author    = {B. Polyak},
  title     = {Some methods of speeding up the convergence of iteration methods},
  journal   = {USSR Computational Mathematics and Mathematical Physics},
  volume    = {4 issue 5},
  year      = {1964},
  pages     = {1--17}
}

@article{adagrad,
  added-at = {2017-12-30T09:55:39.000+0100},
  author = {Duchi, John and Hazan, Elad and Singer, Yoram},
  biburl = {https://www.bibsonomy.org/bibtex/2f548fa2a3cb4881b968ec3a06dd8c49c/leerooy},
  interhash = {d2bb1dcfcc9549a93e0b1f0dd8d23cf9},
  intrahash = {f548fa2a3cb4881b968ec3a06dd8c49c},
  journal = {Journal of Machine Learning Research},
  keywords = {},
  number = {Jul},
  pages = {2121--2159},
  timestamp = {2017-12-30T09:55:39.000+0100},
  title = {Adaptive subgradient methods for online learning and stochastic optimization},
  volume = 12,
  year = 2011
}

@article{adam,
  author    = {Diederik P. Kingma and
               Jimmy Ba},
  title     = {Adam: {A} Method for Stochastic Optimization},
  journal   = {CoRR},
  volume    = {abs/1412.6980},
  year      = {2014},
  url       = {http://arxiv.org/abs/1412.6980},
  archivePrefix = {arXiv},
  eprint    = {1412.6980},
  timestamp = {Mon, 13 Aug 2018 16:47:35 +0200},
  biburl    = {https://dblp.org/rec/bib/journals/corr/KingmaB14},
  bibsource = {dblp computer science bibliography, https://dblp.org}
}


@article{Ger31,
    author = {S.Gerschgorin},
    title = {Uber die Abgrenzung der Eigenwerte einer Matrix},
    journal = {Bulletin de l'Acad\'emie des Sciences de l'URSS. Classe des sciences math\'ematiques et na},
    year = {1931},
    issue = {6},
    pages = {749--754},
    biburl = {http://mi.mathnet.ru/izv5235}
}

@misc{recurrences,
  title = {Solving Linear Recurrence Relations},
  author = { Arash Farahmand},
  note  =  {\url{https://math.berkeley.edu/~arash/1b5/1b5su20syllabus.pdf}},
  note = {Accessed: 27-04-2021},
}

